@online{alexa2016,
  title        = {Alexa statistics for facebook.},
  organization = {Amazon},
  date         = {2018},
  urldate      = {2018-05-07},
  url          = {http://www.alexa.com/siteinfo/facebook.com},
}


@inproceedings{palit2016demystifying,
  title={Demystifying cloud benchmarking},
  author={Palit, Tapti and Shen, Yongming and Ferdman, Michael},
  booktitle={Performance Analysis of Systems and Software (ISPASS), 2016 IEEE International Symposium on},
  pages={122--132},
  year={2016},
  organization={IEEE}
}

@inproceedings{nishtala2013scaling,
  title={Scaling Memcache at Facebook.},
  author={Nishtala, Rajesh and Fugal, Hans and Grimm, Steven and Kwiatkowski, Marc and Lee, Herman and Li, Harry C and McElroy, Ryan and Paleczny, Mike and Peek, Daniel and Saab, Paul and others},
  booktitle={nsdi},
  volume={13},
  pages={385--398},
  year={2013}
}

@inproceedings{bienia2008parsec,
  title={The PARSEC benchmark suite: Characterization and architectural implications},
  author={Bienia, Christian and Kumar, Sanjeev and Singh, Jaswinder Pal and Li, Kai},
  booktitle={Proceedings of the 17th international conference on Parallel architectures and compilation techniques},
  pages={72--81},
  year={2008},
  organization={ACM}
}

@phdthesis{ bienia11benchmarking,
  author = {Christian Bienia},
  title = {Benchmarking Modern Multiprocessors},
  school = {Princeton University},
  year      = {2011},
  month     = {January}
}

@inproceedings{ bienia09parsec2,
  author = {Christian Bienia and Kai Li},
  title = {PARSEC 2.0: A New Benchmark Suite for Chip-Multiprocessors},
  booktitle = {Proceedings of the 5th Annual Workshop on Modeling, Benchmarking and Simulation},
  year = {2009},
  month = {June}
}