@article{kozyrakis2010server,
  title={Server engineering insights for large-scale online services},
  author={Kozyrakis, Christos and Kansal, Aman and Sankar, Sriram and Vaid, Kushagra},
  journal={IEEE micro},
  volume={30},
  number={4},
  pages={8--19},
  year={2010},
  publisher={IEEE}
}

@inproceedings{herdrich2016cache,
  title={Cache QoS: From concept to reality in the Intel{\textregistered} Xeon{\textregistered} processor E5-2600 v3 product family},
  author={Herdrich, Andrew and Verplanke, Edwin and Autee, Priya and Illikkal, Ramesh and Gianos, Chris and Singhal, Ronak and Iyer, Ravi},
  booktitle={High Performance Computer Architecture (HPCA), 2016 IEEE International Symposium on},
  pages={657--668},
  year={2016},
  organization={IEEE}
}

@inproceedings{banga1999resource,
  title={Resource containers: A new facility for resource management in server systems},
  author={Banga, Gaurav and Druschel, Peter and Mogul, Jeffrey C},
  booktitle={OSDI},
  volume={99},
  pages={45--58},
  year={1999}
}

@inproceedings{muralidhara2011reducing,
  title={Reducing memory interference in multicore systems via application-aware memory channel partitioning},
  author={Muralidhara, Sai Prashanth and Subramanian, Lavanya and Mutlu, Onur and Kandemir, Mahmut and Moscibroda, Thomas},
  booktitle={Microarchitecture (MICRO), 2011 44th Annual IEEE/ACM International Symposium on},
  pages={374--385},
  year={2011},
  organization={IEEE}
}

@inproceedings{jeong2012qos,
  title={A QoS-aware memory controller for dynamically balancing GPU and CPU bandwidth use in an MPSoC},
  author={Jeong, Min Kyu and Erez, Mattan and Sudanthi, Chander and Paver, Nigel},
  booktitle={Proceedings of the 49th Annual Design Automation Conference},
  pages={850--855},
  year={2012},
  organization={ACM}
}

@inproceedings{curino2014reservation,
  title={Reservation-based scheduling: If you're late don't blame us!},
  author={Curino, Carlo and Difallah, Djellel E and Douglas, Chris and Krishnan, Subru and Ramakrishnan, Raghu and Rao, Sriram},
  booktitle={Proceedings of the ACM Symposium on Cloud Computing},
  pages={1--14},
  year={2014},
  organization={ACM}
}

@inproceedings{boutin2014apollo,
  title={Apollo: Scalable and Coordinated Scheduling for Cloud-Scale Computing.},
  author={Boutin, Eric and Ekanayake, Jaliya and Lin, Wei and Shi, Bing and Zhou, Jingren and Qian, Zhengping and Wu, Ming and Zhou, Lidong},
  booktitle={OSDI},
  volume={14},
  pages={285--300},
  year={2014}
}

@inproceedings{nathuji2010q,
  title={Q-clouds: managing performance interference effects for qos-aware clouds},
  author={Nathuji, Ripal and Kansal, Aman and Ghaffarkhah, Alireza},
  booktitle={Proceedings of the 5th European conference on Computer systems},
  pages={237--250},
  year={2010},
  organization={ACM}
}

@inproceedings{cook2013hardware,
  title={A hardware evaluation of cache partitioning to improve utilization and energy-efficiency while preserving responsiveness},
  author={Cook, Henry and Moreto, Miquel and Bird, Sarah and Dao, Khanh and Patterson, David A and Asanovic, Krste},
  booktitle={ACM SIGARCH Computer Architecture News},
  volume={41},
  number={3},
  pages={308--319},
  year={2013},
  organization={ACM}
}

@inproceedings{nesbit2006fair,
  title={Fair queuing memory systems},
  author={Nesbit, Kyle J and Aggarwal, Nidhi and Laudon, James and Smith, James E},
  booktitle={Proceedings of the 39th Annual IEEE/ACM international Symposium on Microarchitecture},
  pages={208--222},
  year={2006},
  organization={IEEE Computer Society}
}

@inproceedings{meisner2011power,
  title={Power management of online data-intensive services},
  author={Meisner, David and Sadler, Christopher M and Barroso, Luiz Andr{\'e} and Weber, Wolf-Dietrich and Wenisch, Thomas F},
  booktitle={ACM SIGARCH Computer Architecture News},
  volume={39},
  number={3},
  pages={319--330},
  year={2011},
  organization={ACM}
}

@article{guide2011intel,
  title={Intel{\textregistered} 64 and IA-32 Architectures Software Developerâ€™s Manual},
  author={Guide, Part},
  journal={Volume 3B: System programming Guide, Part},
  volume={2},
  year={2011}
}

@inproceedings{leverich2014reconciling,
  title={Reconciling high server utilization and sub-millisecond quality-of-service},
  author={Leverich, Jacob and Kozyrakis, Christos},
  booktitle={Proceedings of the Ninth European Conference on Computer Systems},
  pages={4},
  year={2014},
  organization={ACM}
}

@article{menage2008cgroups,
  title={Cgroups},
  author={Menage, Paul and Jackson, Paul and Lameter, Christoph},
  journal={Available on-line at: http://www. mjmwired. net/kernel/Documentation/cgroups. txt},
  year={2008}
}

@article{mishra2010towards,
  title={Towards characterizing cloud backend workloads: insights from Google compute clusters},
  author={Mishra, Asit K and Hellerstein, Joseph L and Cirne, Walfredo and Das, Chita R},
  journal={ACM SIGMETRICS Performance Evaluation Review},
  volume={37},
  number={4},
  pages={34--41},
  year={2010},
  publisher={ACM}
}

@inproceedings{delimitrou2013paragon,
  title={Paragon: QoS-aware scheduling for heterogeneous datacenters},
  author={Delimitrou, Christina and Kozyrakis, Christos},
  booktitle={ACM SIGPLAN Notices},
  volume={48},
  number={4},
  pages={77--88},
  year={2013},
  organization={ACM}
}

@inproceedings{mars2011bubble,
  title={Bubble-up: Increasing utilization in modern warehouse scale computers via sensible co-locations},
  author={Mars, Jason and Tang, Lingjia and Hundt, Robert and Skadron, Kevin and Soffa, Mary Lou},
  booktitle={Proceedings of the 44th annual IEEE/ACM International Symposium on Microarchitecture},
  pages={248--259},
  year={2011},
  organization={ACM}
}

@inproceedings{marshall2011improving,
  title={Improving utilization of infrastructure clouds},
  author={Marshall, Paul and Keahey, Kate and Freeman, Tim},
  booktitle={Cluster, Cloud and Grid Computing (CCGrid), 2011 11th IEEE/ACM International Symposium on},
  pages={205--214},
  year={2011},
  organization={IEEE}
}

@article{hardavellas2011toward,
  title={Toward dark silicon in servers},
  author={Hardavellas, Nikos and Ferdman, Michael and Falsafi, Babak and Ailamaki, Anastasia},
  journal={IEEE Micro},
  volume={31},
  number={4},
  pages={6--15},
  year={2011},
  publisher={IEEE}
}

@inproceedings{malladi2012towards,
  title={Towards energy-proportional datacenter memory with mobile DRAM},
  author={Malladi, Krishna T and Nothaft, Frank A and Periyathambi, Karthika and Lee, Benjamin C and Kozyrakis, Christos and Horowitz, Mark},
  booktitle={Computer Architecture (ISCA), 2012 39th Annual International Symposium on},
  pages={37--48},
  year={2012},
  organization={IEEE}
}

@inproceedings{janapa2010web,
  title={Web search using mobile cores: quantifying and mitigating the price of efficiency},
  author={Janapa Reddi, Vijay and Lee, Benjamin C and Chilimbi, Trishul and Vaid, Kushagra},
  booktitle={ACM SIGARCH Computer Architecture News},
  volume={38},
  number={3},
  pages={314--325},
  year={2010},
  organization={ACM}
}

@inproceedings{lo2014towards,
  title={Towards energy proportionality for large-scale latency-critical workloads},
  author={Lo, David and Cheng, Liqun and Govindaraju, Rama and Barroso, Luiz Andr{\'e} and Kozyrakis, Christos},
  booktitle={ACM SIGARCH Computer Architecture News},
  volume={42},
  number={3},
  pages={301--312},
  year={2014},
  organization={IEEE Press}
}

@article{barroso2007case,
  title={The case for energy-proportional computing},
  author={Barroso, Luiz Andr{\'e} and H{\"o}lzle, Urs},
  journal={Computer},
  volume={40},
  number={12},
  year={2007},
  publisher={IEEE}
}

@techreport{kaplan2008revolutionizing,
  title={Revolutionizing data center energy efficiency},
  author={Kaplan, James M and Forrest, William and Kindler, Noah},
  year={2008},
  institution={Technical report, McKinsey \& Company}
}

@inproceedings{vasan2010worth,
  title={Worth their watts?-an empirical study of datacenter servers},
  author={Vasan, Arunchandar and Sivasubramaniam, Anand and Shimpi, Vikrant and Sivabalan, T and Subbiah, Rajesh},
  booktitle={High Performance Computer Architecture (HPCA), 2010 IEEE 16th International Symposium on},
  pages={1--10},
  year={2010},
  organization={IEEE}
}

@inproceedings{reiss2012heterogeneity,
  title={Heterogeneity and dynamicity of clouds at scale: Google trace analysis},
  author={Reiss, Charles and Tumanov, Alexey and Ganger, Gregory R and Katz, Randy H and Kozuch, Michael A},
  booktitle={Proceedings of the Third ACM Symposium on Cloud Computing},
  pages={7},
  year={2012},
  organization={ACM}
}

@inproceedings{qureshi2006utility,
  title={Utility-based cache partitioning: A low-overhead, high-performance, runtime mechanism to partition shared caches},
  author={Qureshi, Moinuddin K and Patt, Yale N},
  booktitle={Microarchitecture, 2006. MICRO-39. 39th Annual IEEE/ACM International Symposium on},
  pages={423--432},
  year={2006},
  organization={IEEE}
}

@inproceedings{lin2008gaining,
  title={Gaining insights into multicore cache partitioning: Bridging the gap between simulation and real systems},
  author={Lin, Jiang and Lu, Qingda and Ding, Xiaoning and Zhang, Zhao and Zhang, Xiaodong and Sadayappan, P},
  booktitle={High Performance Computer Architecture, 2008. HPCA 2008. IEEE 14th International Symposium on},
  pages={367--378},
  year={2008},
  organization={IEEE}
}

@article{wilson2011better,
  title={Better never than late: Meeting deadlines in datacenter networks},
  author={Wilson, Christo and Ballani, Hitesh and Karagiannis, Thomas and Rowtron, Ant},
  journal={ACM SIGCOMM Computer Communication Review},
  volume={41},
  number={4},
  pages={50--61},
  year={2011},
  publisher={ACM}
}

@book{issariyakul2011introduction,
  title={Introduction to network simulator NS2},
  author={Issariyakul, Teerawat and Hossain, Ekram},
  year={2011},
  publisher={Springer Science \& Business Media}
}

@inproceedings{alizadeh2010data,
  title={Data center tcp (dctcp)},
  author={Alizadeh, Mohammad and Greenberg, Albert and Maltz, David A and Padhye, Jitendra and Patel, Parveen and Prabhakar, Balaji and Sengupta, Sudipta and Sridharan, Murari},
  booktitle={ACM SIGCOMM computer communication review},
  volume={40},
  number={4},
  pages={63--74},
  year={2010},
  organization={ACM}
}

@inproceedings{al2008scalable,
  title={A scalable, commodity data center network architecture},
  author={Al-Fares, Mohammad and Loukissas, Alexander and Vahdat, Amin},
  booktitle={ACM SIGCOMM Computer Communication Review},
  volume={38},
  number={4},
  pages={63--74},
  year={2008},
  organization={ACM}
}

@inproceedings{lo2015heracles,
  title={Heracles: improving resource efficiency at scale},
  author={Lo, David and Cheng, Liqun and Govindaraju, Rama and Ranganathan, Parthasarathy and Kozyrakis, Christos},
  booktitle={ACM SIGARCH Computer Architecture News},
  volume={43},
  number={3},
  pages={450--462},
  year={2015},
  organization={ACM}
}

@inproceedings{iyer2007qos,
  title={QoS policies and architecture for cache/memory in CMP platforms},
  author={Iyer, Ravi and Zhao, Li and Guo, Fei and Illikkal, Ramesh and Makineni, Srihari and Newell, Don and Solihin, Yan and Hsu, Lisa and Reinhardt, Steve},
  booktitle={ACM SIGMETRICS Performance Evaluation Review},
  volume={35},
  number={1},
  pages={25--36},
  year={2007},
  organization={ACM}
}

@article{delimitrou2014quasar,
  title={Quasar: resource-efficient and QoS-aware cluster management},
  author={Delimitrou, Christina and Kozyrakis, Christos},
  journal={ACM SIGPLAN Notices},
  volume={49},
  number={4},
  pages={127--144},
  year={2014},
  publisher={ACM}
}

@inproceedings{carvalho2014long,
  title={Long-term slos for reclaimed cloud computing resources},
  author={Carvalho, Marcus and Cirne, Walfredo and Brasileiro, Francisco and Wilkes, John},
  booktitle={Proceedings of the ACM Symposium on Cloud Computing},
  pages={1--13},
  year={2014},
  organization={ACM}
}

@inproceedings{podlesny2012solving,
  title={Solving the tcp-incast problem with application-level scheduling},
  author={Podlesny, Maxim and Williamson, Carey},
  booktitle={Modeling, Analysis \& Simulation of Computer and Telecommunication Systems (MASCOTS), 2012 IEEE 20th International Symposium on},
  pages={99--106},
  year={2012},
  organization={IEEE}
}

@article{brown2006traffic,
  title={Traffic control howto},
  author={Brown, Martin A},
  journal={Guide to IP Layer Network},
  pages={49},
  year={2006}
}

@article{mars2012increasing,
  title={Increasing utilization in modern warehouse-scale computers using bubble-up},
  author={Mars, Jason and Tang, Lingjia and Skadron, Kevin and Soffa, Mary Lou and Hundt, Robert},
  journal={IEEE Micro},
  volume={32},
  number={3},
  pages={88--99},
  year={2012},
  publisher={IEEE}
}

@article{verboven2013black,
  title={Black box scheduling for resource intensive virtual machine workloads with interference models},
  author={Verboven, Sam and Vanmechelen, Kurt and Broeckhove, Jan},
  journal={Future generation computer systems},
  volume={29},
  number={8},
  pages={1871--1884},
  year={2013},
  publisher={Elsevier}
}


@article{barroso2013datacenter,
  title={The datacenter as a computer: An introduction to the design of warehouse-scale machines},
  author={Barroso, Luiz Andr{\'e} and Clidaras, Jimmy and H{\"o}lzle, Urs},
  journal={Synthesis lectures on computer architecture},
  volume={8},
  number={3},
  pages={1--154},
  year={2013},
  publisher={Morgan \& Claypool Publishers}
}

@inproceedings{esmaeilzadeh2011dark,
  title={Dark silicon and the end of multicore scaling},
  author={Esmaeilzadeh, Hadi and Blem, Emily and Amant, Renee St and Sankaralingam, Karthikeyan and Burger, Doug},
  booktitle={Computer Architecture (ISCA), 2011 38th Annual International Symposium on},
  pages={365--376},
  year={2011},
  organization={IEEE}
}