@inproceedings{govindan2011cuanta,
  title={Cuanta: quantifying effects of shared on-chip resource interference for consolidated virtual machines},
  author={Govindan, Sriram and Liu, Jie and Kansal, Aman and Sivasubramaniam, Anand},
  booktitle={Proceedings of the 2nd ACM Symposium on Cloud Computing},
  pages={22},
  year={2011},
  organization={ACM}
}

@inproceedings{kasture2014ubik,
  title={Ubik: efficient cache sharing with strict qos for latency-critical workloads},
  author={Kasture, Harshad and Sanchez, Daniel},
  booktitle={ACM SIGPLAN Notices},
  volume={49},
  number={4},
  pages={729--742},
  year={2014},
  organization={ACM}
}

@article{delimitrou2014quasar,
  title={Quasar: resource-efficient and QoS-aware cluster management},
  author={Delimitrou, Christina and Kozyrakis, Christos},
  journal={ACM SIGPLAN Notices},
  volume={49},
  number={4},
  pages={127--144},
  year={2014},
  publisher={ACM}
}

@inproceedings{leverich2014reconciling,
  title={Reconciling high server utilization and sub-millisecond quality-of-service},
  author={Leverich, Jacob and Kozyrakis, Christos},
  booktitle={Proceedings of the Ninth European Conference on Computer Systems},
  pages={4},
  year={2014},
  organization={ACM}
}

@article{silver2016mastering,
  title={Mastering the game of Go with deep neural networks and tree search},
  author={Silver, David and Huang, Aja and Maddison, Chris J and Guez, Arthur and Sifre, Laurent and Van Den Driessche, George and Schrittwieser, Julian and Antonoglou, Ioannis and Panneershelvam, Veda and Lanctot, Marc and others},
  journal={nature},
  volume={529},
  number={7587},
  pages={484--489},
  year={2016},
  publisher={Nature Research}
}

@book{bertsekas1995dynamic,
  title={Dynamic programming and optimal control},
  author={Bertsekas, Dimitri P and Bertsekas, Dimitri P and Bertsekas, Dimitri P and Bertsekas, Dimitri P},
  volume={1},
  number={2},
  year={1995},
  publisher={Athena scientific Belmont, MA}
}

@article{mnih2015human,
  title={Human-level control through deep reinforcement learning},
  author={Mnih, Volodymyr and Kavukcuoglu, Koray and Silver, David and Rusu, Andrei A and Veness, Joel and Bellemare, Marc G and Graves, Alex and Riedmiller, Martin and Fidjeland, Andreas K and Ostrovski, Georg and others},
  journal={Nature},
  volume={518},
  number={7540},
  pages={529},
  year={2015},
  publisher={Nature Publishing Group}
}

@article{evans2016deepmind,
  title={Deepmind AI reduces Google data centre cooling bill by 40\%},
  author={Evans, Richard and Gao, Jim},
  journal={DeepMind blog},
  volume={20},
  year={2016}
}

@inproceedings{pattara2002starvation,
  title={Starvation prevention and quality of service in wireless LANs},
  author={Pattara-Aukom, W and Banerjee, Sujita and Krishnamurthy, Prashant},
  booktitle={Wireless Personal Multimedia Communications, 2002. The 5th International Symposium on},
  volume={3},
  pages={1078--1082},
  year={2002},
  organization={IEEE}
}

@article{mnih2013playing,
  title={Playing atari with deep reinforcement learning},
  author={Mnih, Volodymyr and Kavukcuoglu, Koray and Silver, David and Graves, Alex and Antonoglou, Ioannis and Wierstra, Daan and Riedmiller, Martin},
  journal={arXiv preprint arXiv:1312.5602},
  year={2013}
}

@article{seong2010hydra,
  title={Hydra: A block-mapped parallel flash memory solid-state disk architecture},
  author={Seong, Yoon Jae and Nam, Eyee Hyun and Yoon, Jin Hyuk and Kim, Hongseok and Choi, Jin-yong and Lee, Sookwan and Bae, Young Hyun and Lee, Jaejin and Cho, Yookun and Min, Sang Lyul},
  journal={IEEE Transactions on Computers},
  volume={59},
  number={7},
  pages={905--921},
  year={2010},
  publisher={IEEE}
}

@article{mars2012increasing,
  title={Increasing utilization in modern warehouse-scale computers using bubble-up},
  author={Mars, Jason and Tang, Lingjia and Skadron, Kevin and Soffa, Mary Lou and Hundt, Robert},
  journal={IEEE Micro},
  volume={32},
  number={3},
  pages={88--99},
  year={2012},
  publisher={IEEE}
}

@article{sanchez2011vantage,
  title={Vantage: scalable and efficient fine-grain cache partitioning},
  author={Sanchez, Daniel and Kozyrakis, Christos},
  journal={ACM SIGARCH Computer Architecture News},
  volume={39},
  number={3},
  pages={57--68},
  year={2011},
  publisher={ACM}
}

